@misc{Wikipedia,
   author = {Wikipedia},
   title = {Pressure\_ulcer},
   howpublished = {\url{https://en.wikipedia.org/wiki/Pressure\_ulcer}}
}

@misc{msktc,
   author = {Model Systems Knowledege Translation Center},
   title = {Skin Care and Pressure Sores Recognizing and Treating Pressure Sores},
   howpublished = {\url{http://www.msktc.org/sci/factsheets/skincare/Recognizing-and-Treating-Pressure-Sores}}
}

@misc{EuropeanPressure,
   author = {EuropeanPressure Ulcer Advisory Panel},
   title = {Pressure Ulcers},
   howpublished = {\url{http://www.epuap.org/}}
}


@BOOK{Treatment,
    author="Nancy Bergstrom",
    title="Treatment of pressure ulcers",
    year="1995",
}

@BOOK{kaos,
    author="Lamsweerde A.",
    title="Kaos Tutorial",
    year="2003, 5",
}

@misc{NHS,
   author = {NHS England},
   title = {Help Nurses Care - A View From the Front Line On The 'Stop the Pressure' campaign – Michelle Hope},
   howpublished = {\url{https://www.england.nhs.uk/2014/01/stop-the-pressure/}}
}

@article{Maklebust,
    author = {Maklebust J A},
    title = {Pressure Ulcers: The Great Insult},
    journal = {Nursing Clinics of North America},
    year = {2005},
    volume = {40(2)},
    pages = {365--389},
} 

@article{Veredas,
    author = {Veredas F J, Mesa H, Morente L},
    title = {Efficient detection of wound-bed and peripheral skin with statistical colour models},
    journal = {Medical & biological engineering & computing},
    year = {2015},
    volume = {53(4)},
    pages = {345-359},
} 

@article{Allman,
    author = {Allman R M},
    title = {The Impact of Pressure Ulcers on Health Care Costs and Mortality},
    journal = {Advances in Skin and Wound Care},
    year = {1998},
    volume = {11},
    pages = {2},
} 

@article{Bennett,
    author = {Bennett G, Dealey C, Posnett J},
    title = {The cost of pressure ulcers in the UK},
    journal = {Age and ageing},
    year = {2004},
    volume = {33(3)},
    pages = {230--235},
} 

@misc{HumanService,
   author = {U.S. Department of Health and Human Services},
   title = {Preventing Pressure Ulcers in Hospitals},
   howpublished = {\url{http://www.ahrq.gov/professionals/systems/hospital/pressureulcertoolkit/putool1.html}}
}

@misc{Epuap,
   author = {Epuap},
   title = {Pressure Ulcers Treatment Quick Reference Guideline},
   howpublished = {\url{http://www.epuap.org/guidelines/Final\_Quick\_Treatment.pdf}}
}

@article{Patel,
    author = {Patel Jigna J, Bhatt B},
    title = {Review On Detection Of Skin Ulcers At An Early Stage},
    journal = {International Journal Of Emerging Technology And Advanced Engineering Website: http://www.ijetae.com/},
    year = {2014},
    volume = {4},
} 

@article{Rajendran,
    author = {Rajendran P J, Leachtenauer J, Kell S, et al},
    title = {Improving the Detection of Stage I Pressure Ulcers by Enhancing Digital Color Images},
    journal = {Engineering in Medicine and Biology Society, 2006. EMBS'06. 28th Annual International Conference of the IEEE},
    year = {2006},
    volume = {5206--5209},
} 

@article{Leachtenauer,
    author = {Leachtenauer J, Kell S, Turner B, et al},
    title = {A non-contact imaging-based approach to detecting stage I pressure ulcers},
    journal = {Engineering in Medicine and Biology Society, 2006. EMBS'06. 28th Annual International Conference of the IEEE},
    year = {2006},
    pages = {6380--6383},
} 

@article{Rogenski,
    author = {Rogenski N M B, Santos V L C G},
    title = {Estudo sobre a incidência de úlceras por pressão em um hospital universitário},
    journal = {Revista Latino-Americana de Enfermagem},
    year = {2005},
    volume = {13(4)},
    pages = {474--480},
} 


@article{minister,
    author = {Ministério da Saúde (BR), Secretaria de Políticas de Saúde, Departamento de Atenção Básica},
    title = {Manual de condutas para úlceras neurotróficas e traumáticas, Disponível em: URL: http://portal.saúde.gov.br/portal/arquivos/pdf/manual\_ferida\_final.pdf},
    journal = {Brasília (DF)},
    year = {2002},
} 

@article{Qi,
    author = {Qi H, Kong L, Wang C, et al},
    title = {A hand-held mosaicked multispectral imaging device for early stage pressure ulcer detection},
    journal = {Journal of medical systems},
    year = {2011},
    volume = {35(5)},
    pages = {895--904},
} 

@article{Deprez,
    author = {Deprez J F, Brusseau E, Fromageau J, et al},
    title = {On the potential of ultrasound elastography for pressure ulcer early detection},
    journal = {Medical physics},
    year = {2011},
    volume = {38(4)},
    pages = {1943--1950},
} 

@article{Santana,
    author = {Santana L, Guadagnin R, Reis C L D, et al},
    title = {Area evaluation using image processing tools: An applied study to pressure ulcer monitoring},
    journal = {Pattern Recognition and Image Analysis},
    year = {2010},
    volume = {20(2)},
    pages = {220--224},
} 

@article{Cula,
    author = {Cula O G, Dana K J, Murphy F P, et al},
    title = {Skin texture modeling},
    journal = {International Journal of Computer Vision},
    year = {2005},
    volume = {62(1-2)},
    pages = {97-119},
} 

@article{Jones,
    author = {Jones T D, Plassmann P},
    title = {An Active Contour Model For Measuring The Area of Leg Ulcers},
    journal = {Medical Imaging IEEE Transactions on},
    year = {2000},
    volume = {19(12)},
    pages = {1202-1210},
} 

@article{Karkanis,
    author = {Karkanis SA, Iakovidis DK, Maroulis DE, Karras DA, Tzivras M},
    title = {Computer-aided Tumor Detection In Endoscopic Video Using Color Wavelet Features},
    journal = {IEEE Trans Inf Technol Biomed},
    year = {2003},
    volume = {7(3)},
    pages = {141–152},
} 

@article{Kosmopoulos,
    author = {Kosmopoulos D I, Tzevelekou F L},
    title = {Automated pressure ulcer lesion diagnosis for telemedicine systems},
    journal = {IEEE Engineering in Medicine and Biology Magazine},
    year = {2007},
    volume = {26(5)},
    pages = {18},
} 

@article{Veredas2,
    author = {Veredas F, Mesa H, Morente L},
    title = {Binary Tissue Classification on Wound Images With Neural Networks and Bayesian Classifiers},
    journal = {IEEE Trans Med Imaging},
    year = {2010},
    volume = {29(2)},
    pages = {410–427},
} 

@article{Wannous,
    author = {Wannous H, Lucas Y, Treuillet S},
    title = {Enhanced Assessment of The Wound-healing Process by Accurate Multiview Tissue Classification},
    journal = {Med Imaging IEEE Trans},
    year = {2011},
    volume = {30(2)},
    pages = {315–326},
} 

@article{Treuillet,
    author = {Wannous H, Treuillet S, Lucas Y},
    title = {Robust tissue Classification for Reproducible Wound Assessment in Telemedicine Environments},
    journal = {Journal of Electronic Imaging},
    year = {2010},
    volume = {19(2)},
    pages = {023002-023002-9},
} 

@article{Mohammed,
    author = {Mohammed Umar Riyaz, Fernando Bello},
    title = {[Unpublished] The Use of Non-invasive Techniques for the Early Detection of Pressure Ulcers},
    year = {2014},
} 

@article{Hardeep,
    author = {S, Hardeep},
    title = {Designing, Engineering, and Analyzing Reliable and Efficient Software},
    year = {2013},
} 

@misc{dlib,
   author = {Boost Software License},
   title = {Dlib C++ library},
   howpublished = {\url{http://dlib.net/}}
}

@misc{opencv,
   title = {OpenCV},
   howpublished = {\url{http://opencv.org/}}
}

@article{Change,
    author = {Chang SK},
    title = {Handbook of Software Engineering & Knowledge Engineering: Fundamentals},
    journal = {World Scientific},
    year = {2002},
} 

@article{Sutherland,
    author = {Sutherland, J., Schwaber, K., Scrum, C.C.O. and Sutherl, C.J.},
    title = {The scrum papers: Nuts, bolts, and origins of an agile process.},
    year = {1993},
} 

@article{Lyder,
    author = {Lyder C, Preston J, Scinto J, Grady J, Ahearn D},
    title = {Medicare Quality Indicator System: Pressure Ulcer Prediction and Prevention Module: Final Report},
    journal = {Health Care Financing Administration},
    year = {1998},
} 



@misc{Sutton,
   author = {Sutton E},
   title = {Histograms and the Zone System},
   howpublished = {\url{http://www. illustratedphotography.com/photography-tips/basic/contrast}}
}

@article{Verkruysse,
    author = {Verkruysse W, Svaasand L O, Nelson J S},
    title = {Remote plethysmographic Imaging Using Ambient Light},
    journal = {Optics express},
    year = {2008},
    pages = {16(26): 21434-21445},
} 

@article{Poh,
    author = {Poh M Z, McDuff D J, Picard R W},
    title = {Non-contact, Automated Cardiac Pulse Measurements Using Video Imaging and Blind Source Separation},
    journal = {Optics Express},
    year = {2010},
    pages = {18(10): 10762-10774},
} 

@misc{microsoft,
   author = {Microsoft},
   title = {MFC Desktop Applications},
   howpublished = {\url{https://msdn.microsoft.com/en-us/library/d06h2x6e.aspx}}
}

@article{Gonzalez,
    author = {Gonzalez R C, Woods R E},
    title = {Digital Image Processing},
    journal = {Nueva Jersey},
    year = {2008},
} 

@misc{computervision,
   author = {Computer Vision Demonstration Website, Electronics and Computer Science University of Southampton},
   title = {Median Filtering},
   howpublished = {\url{http://users.ecs.soton.ac.uk/msn/book/new_demo/median/}}
}

@article{Rubinstein,
    author = {Wu H Y, Rubinstein M, Shih E, et al},
    title = {Eulerian Video Magnification for Revealing Subtle Changes In the World},
    year = {2012},
} 

@article{android,
    author = {Chambino P B},
    title = {Android-based Implementation of Eulerian Video Magnification for Vital Signs Monitoring},
    journal = {Faculdade de engenharia da universidade do portoF},
    year = {2013},
} 

@misc{microsoft2,
   author = {Microsoft},
   title = {Microsoft ODBC Driver for SQL Server on Windows},
   howpublished = {\url{https://msdn.microsoft.com/en-gb/library/jj730314.aspx}}
}

@misc{cmake,
   author = {Cmake},
   title = {Build, Test and Package Your Software With CMake},
   howpublished = {\url{https://cmake.org/}}
}

@misc{github,
   author = {Github},
   title = {GitHub Extension for Visual Studio 2.0 is now available},
   howpublished = {\url{https://github.com/blog/2232-github-extension-for-visual-studio-2-0-is-now-available}}
}

@misc{Fredo,
   author = {MIT},
   title = {Video Magnification},
   howpublished = {\url{http://people.csail.mit.edu/mrub/vidmag/}}
}

@article{Motion,
    author = {Liu C, Torralba A, Freeman W T, et al},
    title = {Motion magnification},
    journal = {ACM transactions on graphics (TOG)},
    year = {2005},
    pages = {24(3): 519-526},
} 

@article{Goubran,
    author = {He X, Goubran R A, Liu X P},
    title = {Using Eulerian video magnification framework to measure pulse transit time},
    journal = {Medical Measurements and Applications (MeMeA), 2014 IEEE International Symposium on. IEEE},
    year = {2014},
    pages = {1-4},
} 

@article{Balakrishnan,
    author = {Balakrishnan G, Durand F, Guttag J},
    title = {Detecting pulse from head motions in video},
    journal = {Proceedings of the IEEE Conference on Computer Vision and Pattern Recognition},
    year = {2013},
    pages = {3430-3437},
} 

@article{walker,
    author = {Liu Y F, Vuong C, Walker P C, et al},
    title = {Noninvasive Free Flap Monitoring Using Eulerian Video Magnification},
    journal = {Case reports in otolaryngology},
    year = {2016},
} 

@article{Overgaard,
    author = {Overgaard N, Sousedik C, Busch C},
    title = {Eulerian Video Magnification for Fingerprint Liveness Detection},
    journal = {Norsk informasjonssikkerhetskonferanse (NISK)},
    year = {2014},
    pages = {7(1)},
} 

@article{clahe,
    author = {Srinivasan S, Balram N},
    title = {Adaptive contrast enhancement using local region stretching},
    journal = {Proc. of ASID.},
    year = {2006},
    pages = {6: 8-12},
} 

@article{Stark,
    author = {Stark J A},
    title = {Adaptive image contrast enhancement using generalizations of histogram equalization},
    journal = {IEEE Transactions on image processing},
    year = {2000},
    pages = {9(5): 889-896},
} 

@article{Pizer,
    author = {Pizer S M, Amburn E P, Austin J D, et al},
    title = {Adaptive histogram equalization and its variations},
    journal = {Computer vision, graphics, and image processing},
    year = {1987},
    pages = {39(3): 355-368},
} 

@misc{Jain,
   author = {Jain R, Kasturi R, Schunck B G},
   title = {Machine vision, New York: McGraw-Hill},
   year ={1995},
}

@article{Paris,
    author = {Paris S, Kornprobst P, Tumblin J, et al},
    title = {A gentle introduction to bilateral filtering and its applications},
    journal = {ACM SIGGRAPH 2007 courses},
    year = {2007},
} 

@article{Yaroslavsky,
    author = {Yaroslavsky L},
    title = {Digital picture processing: an introduction},
    journal = {Springer Science & Business Media},
    year = {2012},
}  

@article{Aurich,
    author = {Aurich V, Weule J},
    title = {Non-linear gaussian filters performing edge preserving diffusion},
    journal = {Mustererkennung 1995. Springer Berlin Heidelberg},
    year = {1995},
    pages = {538-545},
} 

@article{Smith,
    author = {Smith S M, Brady J M},
    title = {SUSAN—a new approach to low level image processing},
    journal = {International journal of computer vision},
    year = {1997},
    pages = {23(1): 45-78},
} 

@article{Tomasi,
    author = {Tomasi C, Manduchi R},
    title = {Bilateral filtering for gray and color images},
    journal = {Computer Vision, 1998. Sixth International Conference on},
    year = {1998},
    pages = {839-846},
} 

@article{Zhang,
    author = {Zhang Y, Wu L},
    title = {Optimal multi-level thresholding based on maximum Tsallis entropy via an artificial bee colony approach},
    journal = {Entropy},
    year = {2011},
    pages = {13(4): 841-859},
} 

@article{suzuki,
    author = {S. Suzuki and K. Abe},
    title = {Topological structural analysis of digital binary images by border following},
    journal = { Computer Vision, Graphics and Image Processing},
    year = {1985},
    pages = {32–46},
} 

@article{Bradski,
    author = {Bradski G, Kaehler A},
    title = {Learning OpenCV: Computer vision with the OpenCV library},
    journal = { O'Reilly Media, Inc},
    year = {2008},
} 

@article{Adelson,
    author = {Adelson E H, Anderson C H, Bergen J R, et al},
    title = {Pyramid methods in image processing},
    journal = {RCA engineer},
    year = {1984},
    pages = {29(6): 33-41},
} 

@article{Christiano,
    author = {Christiano L J, Fitzgerald T J},
    title = {The band pass filter},
    journal = {international economic review},
    year = {2003},
    pages = {44(2): 435-465},
} 

@misc{Bracewell,
   author = {Bracewell R},
   title = {The fourier transform and iis applications},
   year ={1965},
   pages={5},
}
