@misc{Wikipedia,
   author = {Wikipedia},
   title = {Pressure\_ulcer},
   howpublished = {\url{https://en.wikipedia.org/wiki/Pressure\_ulcer}}
}

@BOOK{Treatment,
    author="Nancy Bergstrom",
    title="Treatment of pressure ulcers",
    year="1995",
}

@misc{NHS,
   author = {NHS England},
   title = {Help nurses care - A view from the front line on the 'Stop the Pressure' campaign – Michelle Hope},
   howpublished = {\url{https://www.england.nhs.uk/2014/01/stop-the-pressure/}}
}

@article{Maklebust,
    author = {Maklebust J A},
    title = {Pressure ulcers: the great insult},
    journal = {Nursing Clinics of North America},
    year = {2005},
    volume = {40(2)},
    pages = {365--389},
} 


@article{Allman,
    author = {Allman R M},
    title = {The impact of pressure ulcers on health care costs and mortality},
    journal = {Advances in Skin and Wound Care},
    year = {1998},
    volume = {11},
    pages = {2},
} 

@article{Bennett,
    author = {Bennett G, Dealey C, Posnett J},
    title = {The cost of pressure ulcers in the UK},
    journal = {Age and ageing},
    year = {2004},
    volume = {33(3)},
    pages = {230--235},
} 

@misc{HumanService,
   author = {U.S. Department of Health and Human Services},
   title = {Preventing Pressure Ulcers in Hospitals},
   howpublished = {\url{http://www.ahrq.gov/professionals/systems/hospital/pressureulcertoolkit/putool1.html}}
}

@misc{Epuap,
   author = {Epuap},
   title = {Pressure Ulcers Treatment Quick Reference Guideline},
   howpublished = {\url{http://www.epuap.org/guidelines/Final\_Quick\_Treatment.pdf}}
}

@article{Patel,
    author = {Patel Jigna J, Bhatt B},
    title = {Review On Detection Of Skin Ulcers At An Early Stage},
    journal = {International Journal Of Emerging Technology And Advanced Engineering Website: http://www.ijetae.com/},
    year = {2014},
    volume = {4},
} 

@article{Rajendran,
    author = {Rajendran P J, Leachtenauer J, Kell S, et al},
    title = {Improving the detection of stage I pressure ulcers by enhancing digital color images},
    journal = {Engineering in Medicine and Biology Society, 2006. EMBS'06. 28th Annual International Conference of the IEEE},
    year = {2006},
    volume = {5206--5209},
} 

@article{Leachtenauer,
    author = {Leachtenauer J, Kell S, Turner B, et al},
    title = {A non-contact imaging-based approach to detecting stage I pressure ulcers},
    journal = {Engineering in Medicine and Biology Society, 2006. EMBS'06. 28th Annual International Conference of the IEEE},
    year = {2006},
    pages = {6380--6383},
} 

@article{Rogenski,
    author = {Rogenski N M B, Santos V L C G},
    title = {Estudo sobre a incidência de úlceras por pressão em um hospital universitário},
    journal = {Revista Latino-Americana de Enfermagem},
    year = {2005},
    volume = {13(4)},
    pages = {474--480},
} 


@article{minister,
    author = {Ministério da Saúde (BR), Secretaria de Políticas de Saúde, Departamento de Atenção Básica},
    title = {Manual de condutas para úlceras neurotróficas e traumáticas, Disponível em: URL: http://portal.saúde.gov.br/portal/arquivos/pdf/manual\_ferida\_final.pdf},
    journal = {Brasília (DF)},
    year = {2002},
} 

@article{Qi,
    author = {Qi H, Kong L, Wang C, et al},
    title = {A hand-held mosaicked multispectral imaging device for early stage pressure ulcer detection},
    journal = {Journal of medical systems},
    year = {2011},
    volume = {35(5)},
    pages = {895--904},
} 

@article{Deprez,
    author = {Deprez J F, Brusseau E, Fromageau J, et al},
    title = {On the potential of ultrasound elastography for pressure ulcer early detection},
    journal = {Medical physics},
    year = {2011},
    volume = {38(4)},
    pages = {1943--1950},
} 

@article{Santana,
    author = {Santana L, Guadagnin R, Reis C L D, et al},
    title = {Area evaluation using image processing tools: An applied study to pressure ulcer monitoring},
    journal = {Pattern Recognition and Image Analysis},
    year = {2010},
    volume = {20(2)},
    pages = {220--224},
} 


